%%%%%%%%%%%%%%%%%%%%%%%%%%%%%%%%%%%%%%%%%%%%%%%%%%%%%%%%%%%%%%%%%%%%%%%%%%%%%%%
%% Descr:       Vorlage für Berichte der DHBW-Karlsruhe, BibTeX
%% Author:      Prof. Dr. Jürgen Vollmer, vollmer AT dhbw-karlsruhe.de
%% $Id: bericht.bib,v 1.10 2016/03/16 12:27:42 vollmer draft $
%% -*- coding: utf-8 -*-
%%%%%%%%%%%%%%%%%%%%%%%%%%%%%%%%%%%%%%%%%%%%%%%%%%%%%%%%%%%%%%%%%%%%%%%%%%%%%%%

%%%%
%%  declararion of abbreviations
%%%%
@STRING{addison		= "Addison-Wesley"}

%%%%%%%%%%%%%%%%%%%%%%%%%%%%%%%%%%%%%%%%%%%%%%%%%%%%%%%%%%%%%%%%%%%%%%%%%%%%%%%

@BOOK{knuth.1984a,
AUTHOR		= "Knuth, Donald E.",
TITLE		= "The \TeX{}book",
PUBLISHER	= addison,
YEAR		= 1984
}

@BOOK{lamport.1995a,
AUTHOR		= "Lamport, Leslie",
TITLE		= "Das \LaTeX\ Handbuch",
PUBLISHER	= addison,
YEAR		= 1995
}

%%%%%%%%%%%%%%%%%%%%%%%%%%%%%%%%%%%%%%%%%%%%%%%%%%%%%%%%%%%%%%%%%%%%%%%%%%%%%%%

% Referenzieren von URL's
@MISC{dante.2010a,
  AUTHOR	= "Dante",
  TITLE		= "Webseite der \emph{Deutschsprachige Anwendervereinigung TeX e.V.}",
  HOWPUBLISHED 	= "\url{http://www.dante.de}",
  YEAR		= 2010,
  MONTH		= jan
}


%%%%%%%%%%%%%%%%%%%%%%%%%%%%%%%%%%%%%%%%%%%%%%%%%%%%%%%%%%%%%%%%%%%%%%%%%%%%%%%
%online 
@online{coex_clover,
  author  = {Coex},
  title   = {COEX Clover},
  urldate = {2023-02-06},
  url     = {https://clover.coex.tech/en/}
}


%%%%%%%%%%%%%%%%%%%%%%%%%%%%%%%%%%%%%%%%%%%%%%%%%%%%%%%%%%%%%%%%%%%%%%%%%%%%%%%%%
%images
@online{img.coex_clover,
  author  = {ROS Robots},
  title   = {COEX Clover},
  urldate = {2023-02-06},
  url     = {https://robots.ros.org/clover/}
}

@online{img_coex_clover_kit,
  author  = {COEX},
  title   = {A comprehensive aerial robotics solution},
  urldate = {2023-02-08},
  url     = {https://coex.tech/clover}
}